@ELECTRONIC{processing,
  author = {Processing},
  year = {2013},
  url = {www.processing.org}
}
@ELECTRONIC{cairo,
  author = {Cairo},
  year = {2013},
  url = {http://www.cairographics.org/}
}
@ELECTRONIC{java,
  author = {Java},
  year = {2013},
  url = {www.java.com}
}
@ELECTRONIC{netbeans,
  author = {NetBeans},
  year = {2013},
  url = {http://netbeans.org/}
}
@ELECTRONIC{eclipse,
  author = {Eclipse},
  year = {2013},
  url = {http://eclipse.org/}
}

@BOOKLET{bellator_2012,
    title = {Desenvolvimento de robô móvel e análise qualitativa de algoritmos de navegação fuzzy},
    year = {2012},
    address = {Curitiba},
    author = "Alexandre Jacques Marin and Júlio Cesar Nardelli Borges and Yuri Antin Wergrzn"
}
@ELECTRONIC{mpu6050,
    author = {EvenSense},
    year = {2013},
    url = {http://www.invensense.com/mems/gyro/mpu6050.html}
}
@MISC{heds9700,
    author = {AGILENTTECHNOLOGIES},
    year = {2002},
    title = {Small Optical Encoder Modules HEDS-9700 Series},
    url = {http://www.digchip.com/datasheets/parts/datasheet/021/QEDS-9871-pdf.php},
    urlaccessdate = {28 de Fevereiro de 2013}
}
@MISC{ir_sensor,
    author = {SHARPCORPORATION},
    year={2006},
    title = {GP2Y0A02F98YK Datasheet},
    url = {http://www.mindsensors.com/index.php?module=documents\&JAS\_DocumentManager\_op= \\ downloadFile\&JAS\_File\_id=335},
    urlaccessdate = {1 de Agosto de 2011}
}
@MISC{lpc2103,
    author = {NXP},
    year={2013},
    title = {LPC2103 Overview},
    url = {http://www.nxp.com/products/microcontrollers/arm7/LPC2103FBD48.html},
    urlaccessdate = {28 de Fevereiro de 2013}
}
@MISC{digikey,
    author = {DigiKey Corporation},
    year={2013},
    title = {DigiKey Corporation},
    url = {http://www.digikey.com},
    urlaccessdate = {18 de Fevereiro de 2013}
}
@ELECTRONIC{lpc21isp,
    author = {lpc21isp},
    year = {2013},
    url = {http://sourceforge.net/projects/lpc21isp/},
    urlaccessdate = {18 de Fevereiro de 2013}
}
@ELECTRONIC{gcc,
    author = {GCC},
    year = {2013},
    url = {http://gcc.gnu.org/},
    urlaccessdate = {18 de Fevereiro de 2013}
}

